<!DOCTYPE html>
<meta charset="utf-8" />
<!-- version 1 -->
<title>[Gen 8] OU replay: Guyman147 vs. OverlordEthan</title>
<style>
html,body {font-family:Verdana, sans-serif;font-size:10pt;margin:0;padding:0;}body{padding:12px 0;} .battle-log {font-family:Verdana, sans-serif;font-size:10pt;} .battle-log-inline {border:1px solid #AAAAAA;background:#EEF2F5;color:black;max-width:640px;margin:0 auto 80px;padding-bottom:5px;} .battle-log .inner {padding:4px 8px 0px 8px;} .battle-log .inner-preempt {padding:0 8px 4px 8px;} .battle-log .inner-after {margin-top:0.5em;} .battle-log h2 {margin:0.5em -8px;padding:4px 8px;border:1px solid #AAAAAA;background:#E0E7EA;border-left:0;border-right:0;font-family:Verdana, sans-serif;font-size:13pt;} .battle-log .chat {vertical-align:middle;padding:3px 0 3px 0;font-size:8pt;} .battle-log .chat strong {color:#40576A;} .battle-log .chat em {padding:1px 4px 1px 3px;color:#000000;font-style:normal;} .chat.mine {background:rgba(0,0,0,0.05);margin-left:-8px;margin-right:-8px;padding-left:8px;padding-right:8px;} .spoiler {color:#BBBBBB;background:#BBBBBB;padding:0px 3px;} .spoiler:hover, .spoiler:active, .spoiler-shown {color:#000000;background:#E2E2E2;padding:0px 3px;} .spoiler a {color:#BBBBBB;} .spoiler:hover a, .spoiler:active a, .spoiler-shown a {color:#2288CC;} .chat code, .chat .spoiler:hover code, .chat .spoiler:active code, .chat .spoiler-shown code {border:1px solid #C0C0C0;background:#EEEEEE;color:black;padding:0 2px;} .chat .spoiler code {border:1px solid #CCCCCC;background:#CCCCCC;color:#CCCCCC;} .battle-log .rated {padding:3px 4px;} .battle-log .rated strong {color:white;background:#89A;padding:1px 4px;border-radius:4px;} .spacer {margin-top:0.5em;} .message-announce {background:#6688AA;color:white;padding:1px 4px 2px;} .message-announce a, .broadcast-green a, .broadcast-blue a, .broadcast-red a {color:#DDEEFF;} .broadcast-green {background-color:#559955;color:white;padding:2px 4px;} .broadcast-blue {background-color:#6688AA;color:white;padding:2px 4px;} .infobox {border:1px solid #6688AA;padding:2px 4px;} .infobox-limited {max-height:200px;overflow:auto;overflow-x:hidden;} .broadcast-red {background-color:#AA5544;color:white;padding:2px 4px;} .message-learn-canlearn {font-weight:bold;color:#228822;text-decoration:underline;} .message-learn-cannotlearn {font-weight:bold;color:#CC2222;text-decoration:underline;} .message-effect-weak {font-weight:bold;color:#CC2222;} .message-effect-resist {font-weight:bold;color:#6688AA;} .message-effect-immune {font-weight:bold;color:#666666;} .message-learn-list {margin-top:0;margin-bottom:0;} .message-throttle-notice, .message-error {color:#992222;} .message-overflow, .chat small.message-overflow {font-size:0pt;} .message-overflow::before {font-size:9pt;content:'...';} .subtle {color:#3A4A66;}
</style>
<div class="wrapper replay-wrapper" style="max-width:1180px;margin:0 auto">
<input type="hidden" name="replayid" value="gen8ou-1449535630" />
<div class="battle"></div><div class="battle-log"></div><div class="replay-controls"></div><div class="replay-controls-2"></div>
<h1 style="font-weight:normal;text-align:center"><strong>[Gen 8] OU</strong><br /><a href="http://pokemonshowdown.com/users/guyman147" class="subtle" target="_blank">Guyman147</a> vs. <a href="http://pokemonshowdown.com/users/overlordethan" class="subtle" target="_blank">OverlordEthan</a></h1>
<script type="text/plain" class="battle-log-data">|j|☆Guyman147

|j|☆OverlordEthan
|t:|1636147604
|gametype|singles
|player|p1|Guyman147|cynthia-gen4|
|player|p2|OverlordEthan|cyrus|
|teamsize|p1|6
|teamsize|p2|6
|gen|8
|tier|[Gen 8] OU
|rule|Sleep Clause Mod: Limit one foe put to sleep
|rule|Species Clause: Limit one of each Pokémon
|rule|OHKO Clause: OHKO moves are banned
|rule|Evasion Moves Clause: Evasion moves are banned
|rule|Endless Battle Clause: Forcing endless battles is banned
|rule|HP Percentage Mod: HP is shown in percentages
|rule|Dynamax Clause: You cannot dynamax
|clearpoke
|poke|p1|Gyarados, F|
|poke|p1|Rillaboom, M|
|poke|p1|Blaziken, F|
|poke|p1|Garchomp, F|
|poke|p1|Dracozolt|
|poke|p1|Togekiss, M|
|poke|p2|Kyurem|
|poke|p2|Garchomp, M|
|poke|p2|Tapu Koko|
|poke|p2|Lucario, F|
|poke|p2|Tapu Lele|
|poke|p2|Mew|
|teampreview
|
|t:|1636147609
|start
|switch|p1a: AMONGUS JOE BIDEN|Gyarados, F|331\/331
|switch|p2a: Meow|Mew|100\/100
|-ability|p1a: AMONGUS JOE BIDEN|Intimidate|boost
|-unboost|p2a: Meow|atk|1
|turn|1
|
|t:|1636147617
|move|p2a: Meow|Blizzard|p1a: AMONGUS JOE BIDEN
|-damage|p1a: AMONGUS JOE BIDEN|242\/331
|move|p1a: AMONGUS JOE BIDEN|Crunch|p2a: Meow
|-supereffective|p2a: Meow
|-damage|p2a: Meow|44\/100
|
|-heal|p2a: Meow|50\/100|[from] item: Leftovers
|-heal|p1a: AMONGUS JOE BIDEN|262\/331|[from] item: Leftovers
|upkeep
|turn|2
|
|t:|1636147635
|move|p2a: Meow|Aqua Tail|p1a: AMONGUS JOE BIDEN
|-resisted|p1a: AMONGUS JOE BIDEN
|-damage|p1a: AMONGUS JOE BIDEN|232\/331
|move|p1a: AMONGUS JOE BIDEN|Crunch|p2a: Meow
|-supereffective|p2a: Meow
|-damage|p2a: Meow|0 fnt
|faint|p2a: Meow
|
|-heal|p1a: AMONGUS JOE BIDEN|252\/331|[from] item: Leftovers
|upkeep
|
|t:|1636147648
|switch|p2a: Tapin' on deez|Tapu Koko|100\/100
|-fieldstart|move: Electric Terrain|[from] ability: Electric Surge|[of] p2a: Tapin' on deez
|turn|3
|
|t:|1636147659
|move|p2a: Tapin' on deez|Thunderbolt|p1a: AMONGUS JOE BIDEN
|-supereffective|p1a: AMONGUS JOE BIDEN
|-damage|p1a: AMONGUS JOE BIDEN|0 fnt
|faint|p1a: AMONGUS JOE BIDEN
|
|upkeep
|
|t:|1636147669
|switch|p1a: Shork|Garchomp, F|357\/357
|turn|4
|
|t:|1636147672
|move|p2a: Tapin' on deez|Volt Switch|p1a: Shork
|-immune|p1a: Shork
|move|p1a: Shork|Earthquake|p2a: Tapin' on deez
|-supereffective|p2a: Tapin' on deez
|-damage|p2a: Tapin' on deez|0 fnt
|faint|p2a: Tapin' on deez
|
|upkeep
|
|t:|1636147680
|switch|p2a: Garchompin on deez|Garchomp, M|100\/100
|turn|5
|
|t:|1636147687
|move|p1a: Shork|Dragon Claw|p2a: Garchompin on deez
|-supereffective|p2a: Garchompin on deez
|-damage|p2a: Garchompin on deez|23\/100
|move|p2a: Garchompin on deez|Dragon Pulse|p1a: Shork
|-supereffective|p1a: Shork
|-damage|p1a: Shork|135\/357
|
|-heal|p2a: Garchompin on deez|29\/100|[from] item: Leftovers
|upkeep
|turn|6
|
|t:|1636147704
|move|p2a: Garchompin on deez|Protect|p2a: Garchompin on deez
|-singleturn|p2a: Garchompin on deez|Protect
|move|p1a: Shork|Dragon Claw|p2a: Garchompin on deez
|-activate|p2a: Garchompin on deez|move: Protect
|
|-heal|p2a: Garchompin on deez|35\/100|[from] item: Leftovers
|upkeep
|turn|7
|
|t:|1636147714
|move|p1a: Shork|Dragon Claw|p2a: Garchompin on deez
|-supereffective|p2a: Garchompin on deez
|-damage|p2a: Garchompin on deez|0 fnt
|faint|p2a: Garchompin on deez
|
|-fieldend|move: Electric Terrain
|upkeep
|
|t:|1636147721
|switch|p2a: Guyman Defeater|Kyurem, shiny|100\/100
|-ability|p2a: Guyman Defeater|Pressure
|turn|8
|
|t:|1636147736
|switch|p1a: Oral-B|Togekiss, M|311\/311
|move|p2a: Guyman Defeater|Psychic|p1a: Oral-B
|-damage|p1a: Oral-B|245\/311
|
|upkeep
|turn|9
|
|t:|1636147748
|move|p2a: Guyman Defeater|Protect|p2a: Guyman Defeater
|-singleturn|p2a: Guyman Defeater|Protect
|move|p1a: Oral-B|Dazzling Gleam|p2a: Guyman Defeater
|-activate|p2a: Guyman Defeater|move: Protect
|
|upkeep
|turn|10
|
|t:|1636147754
|move|p2a: Guyman Defeater|Ice Beam|p1a: Oral-B
|-supereffective|p1a: Oral-B
|-damage|p1a: Oral-B|45\/311
|move|p1a: Oral-B|Dazzling Gleam|p2a: Guyman Defeater
|-supereffective|p2a: Guyman Defeater
|-damage|p2a: Guyman Defeater|33\/100
|
|-heal|p2a: Guyman Defeater|39\/100|[from] item: Leftovers
|upkeep
|turn|11
|
|t:|1636147770
|switch|p1a: pain|Dracozolt|384\/384
|move|p2a: Guyman Defeater|Ice Beam|p1a: pain
|-supereffective|p1a: pain
|-damage|p1a: pain|18\/384
|
|-heal|p2a: Guyman Defeater|45\/100|[from] item: Leftovers
|-heal|p1a: pain|42\/384|[from] item: Leftovers
|upkeep
|turn|12
|
|t:|1636147783
|move|p2a: Guyman Defeater|Protect|p2a: Guyman Defeater
|-singleturn|p2a: Guyman Defeater|Protect
|move|p1a: pain|Dragon Claw|p2a: Guyman Defeater
|-activate|p2a: Guyman Defeater|move: Protect
|
|-heal|p2a: Guyman Defeater|51\/100|[from] item: Leftovers
|-heal|p1a: pain|66\/384|[from] item: Leftovers
|upkeep
|turn|13
|
|t:|1636147794
|move|p2a: Guyman Defeater|Psychic|p1a: pain
|-damage|p1a: pain|0 fnt
|faint|p1a: pain
|
|-heal|p2a: Guyman Defeater|57\/100|[from] item: Leftovers
|upkeep
|c|☆Guyman147|bruhmongus
|
|t:|1636147803
|switch|p1a: Shork|Garchomp, F|135\/357
|turn|14
|
|t:|1636147807
|move|p1a: Shork|Dragon Claw|p2a: Guyman Defeater
|-supereffective|p2a: Guyman Defeater
|-damage|p2a: Guyman Defeater|0 fnt
|faint|p2a: Guyman Defeater
|
|upkeep
|c|☆OverlordEthan|bruhmongus
|
|t:|1636147822
|switch|p2a: Lelein' on deez|Tapu Lele|100\/100
|-fieldstart|move: Psychic Terrain|[from] ability: Psychic Surge|[of] p2a: Lelein' on deez
|turn|15
|c|☆Guyman147|my garchomp is stupid fast
|
|t:|1636147832
|switch|p1a: Monke|Rillaboom, M|404\/404
|-fieldstart|move: Grassy Terrain|[from] ability: Grassy Surge|[of] p1a: Monke
|move|p2a: Lelein' on deez|Psychic|p1a: Monke
|-damage|p1a: Monke|212\/404
|
|-heal|p1a: Monke|237\/404|[from] Grassy Terrain
|-heal|p1a: Monke|262\/404|[from] item: Leftovers
|upkeep
|turn|16
|
|t:|1636147843
|move|p1a: Monke|Grassy Glide|p2a: Lelein' on deez
|-damage|p2a: Lelein' on deez|34\/100
|move|p2a: Lelein' on deez|Thunderbolt|p1a: Monke
|-resisted|p1a: Monke
|-damage|p1a: Monke|194\/404
|
|-heal|p2a: Lelein' on deez|39\/100|[from] Grassy Terrain
|-heal|p2a: Lelein' on deez|45\/100|[from] item: Leftovers
|-heal|p1a: Monke|219\/404|[from] Grassy Terrain
|-heal|p1a: Monke|244\/404|[from] item: Leftovers
|upkeep
|turn|17
|
|t:|1636147854
|move|p1a: Monke|Grassy Glide|p2a: Lelein' on deez
|-damage|p2a: Lelein' on deez|0 fnt
|faint|p2a: Lelein' on deez
|
|-heal|p1a: Monke|269\/404|[from] Grassy Terrain
|-heal|p1a: Monke|294\/404|[from] item: Leftovers
|upkeep
|
|t:|1636147861
|switch|p2a: Doge|Lucario, F|100\/100
|turn|18
|
|t:|1636147872
|move|p2a: Doge|Close Combat|p1a: Monke
|-crit|p1a: Monke
|-damage|p1a: Monke|0 fnt
|-unboost|p2a: Doge|def|1
|-unboost|p2a: Doge|spd|1
|faint|p1a: Monke
|
|upkeep
|c|☆Guyman147|crap
|
|t:|1636147883
|switch|p1a: chichen|Blaziken, F|301\/301
|turn|19
|
|t:|1636147889
|move|p2a: Doge|Close Combat|p1a: chichen
|-damage|p1a: chichen|72\/301
|-unboost|p2a: Doge|def|1
|-unboost|p2a: Doge|spd|1
|move|p1a: chichen|Bulk Up|p1a: chichen
|-boost|p1a: chichen|atk|1
|-boost|p1a: chichen|def|1
|
|-heal|p1a: chichen|90\/301|[from] Grassy Terrain
|-fieldend|move: Grassy Terrain
|-ability|p1a: chichen|Speed Boost|boost
|-boost|p1a: chichen|spe|1
|upkeep
|turn|20
|
|t:|1636147900
|move|p1a: chichen|Brave Bird|p2a: Doge
|-damage|p2a: Doge|0 fnt
|faint|p2a: Doge
|-damage|p1a: chichen|0 fnt|[from] Recoil
|faint|p1a: chichen
|
|win|Guyman147
|c|☆Guyman147|ez clap
|c|☆OverlordEthan|oof
|c|☆OverlordEthan|this was my first battle
|c|☆Guyman147|gg
|c|☆OverlordEthan|gg
|l|☆OverlordEthan</script>
</div>
<div class="battle-log battle-log-inline"><div class="inner"><div class="battle-options"><div style="padding-top: 3px; padding-right: 3px; text-align: right"><button class="icon button" name="openBattleOptions" title="Options">Battle Options</button></div></div><div class="inner message-log"><div class="chat"><small>☆Guyman147 and ☆OverlordEthan joined</small></div><div class=""><small>Format:</small> <br><strong>[Gen 8] OU</strong></div><div class=""><small><em>Sleep Clause Mod:</em> Limit one foe put to sleep</small></div><div class=""><small><em>Species Clause:</em> Limit one of each Pokémon</small></div><div class=""><small><em>OHKO Clause:</em> OHKO moves are banned</small></div><div class=""><small><em>Evasion Moves Clause:</em> Evasion moves are banned</small></div><div class=""><small><em>Endless Battle Clause:</em> Forcing endless battles is banned</small></div><div class=""><small><em>HP Percentage Mod:</em> HP is shown in percentages</small></div><div class=""><small><em>Dynamax Clause:</em> You cannot dynamax</small></div><div class="chat battle-history"><strong>Guyman147's team:</strong> <em style="color:#445566;display:block;">Gyarados / Rillaboom / Blaziken / Garchomp / Dracozolt / Togekiss</em></div><div class="chat battle-history"><strong>OverlordEthan's team:</strong> <em style="color:#445566;display:block;">Kyurem / Garchomp / Tapu Koko / Lucario / Tapu Lele / Mew</em></div><div class="spacer battle-history"><br></div><div class="battle-history">Battle started between Guyman147 and OverlordEthan!<br></div><div class="spacer battle-history"><br></div><div class="battle-history">Go! AMONGUS JOE BIDEN (<strong>Gyarados</strong>)!<br></div><div class="spacer battle-history"><br></div><div class="battle-history">OverlordEthan sent out Meow (<strong>Mew</strong>)!<br></div><div class="battle-history">[AMONGUS JOE BIDEN's Intimidate]<br></div><div class="battle-history"><small>The opposing Meow's Attack fell!</small><br></div><div class="spacer battle-history"><br></div><h2 class="battle-history">Turn 1</h2><div class="spacer battle-history"><br></div><div class="battle-history">The opposing Meow used <strong>Blizzard</strong>!<br></div><div class="battle-history"><small>(AMONGUS JOE BIDEN lost <abbr title="−89/331">26.9%</abbr> of its health!)</small><br></div><div class="spacer battle-history"><br></div><div class="battle-history">AMONGUS JOE BIDEN used <strong>Crunch</strong>!<br></div><div class="battle-history"><small>It's super effective!</small><br></div><div class="battle-history"><small>(The opposing Meow lost 56% of its health!)</small><br></div><div class="spacer battle-history"><br></div><div class="battle-history"><small>The opposing Meow restored a little HP using its Leftovers!</small><br></div><div class="battle-history"><small>AMONGUS JOE BIDEN restored a little HP using its Leftovers!</small><br></div><div class="spacer battle-history"><br></div><h2 class="battle-history">Turn 2</h2><div class="spacer battle-history"><br></div><div class="battle-history">The opposing Meow used <strong>Aqua Tail</strong>!<br></div><div class="battle-history"><small>It's not very effective...</small><br></div><div class="battle-history"><small>(AMONGUS JOE BIDEN lost <abbr title="−30/331">9.1%</abbr> of its health!)</small><br></div><div class="spacer battle-history"><br></div><div class="battle-history">AMONGUS JOE BIDEN used <strong>Crunch</strong>!<br></div><div class="battle-history"><small>It's super effective!</small><br></div><div class="battle-history"><small>(The opposing Meow lost 50% of its health!)</small><br></div><div class="spacer battle-history"><br></div><div class="battle-history">The opposing Meow fainted!<br></div><div class="spacer battle-history"><br></div><div class="battle-history"><small>AMONGUS JOE BIDEN restored a little HP using its Leftovers!</small><br></div><div class="spacer battle-history"><br></div><div class="battle-history">OverlordEthan sent out Tapin' on deez (<strong>Tapu Koko</strong>)!<br></div><div class="battle-history">[The opposing Tapin' on deez's Electric Surge]<br><small>An electric current ran across the battlefield!</small><br></div><div class="spacer battle-history"><br></div><h2 class="battle-history">Turn 3</h2><div class="spacer battle-history"><br></div><div class="battle-history">The opposing Tapin' on deez used <strong>Thunderbolt</strong>!<br></div><div class="battle-history"><small>It's super effective!</small><br></div><div class="battle-history"><small>(AMONGUS JOE BIDEN lost <abbr title="−252/331">76.1%</abbr> of its health!)</small><br></div><div class="spacer battle-history"><br></div><div class="battle-history">AMONGUS JOE BIDEN fainted!<br></div><div class="spacer battle-history"><br></div><div class="battle-history">Go! Shork (<strong>Garchomp</strong>)!<br></div><div class="spacer battle-history"><br></div><h2 class="battle-history">Turn 4</h2><div class="spacer battle-history"><br></div><div class="battle-history">The opposing Tapin' on deez used <strong>Volt Switch</strong>!<br></div><div class="battle-history"><small>It doesn't affect Shork...</small><br></div><div class="spacer battle-history"><br></div><div class="battle-history">Shork used <strong>Earthquake</strong>!<br></div><div class="battle-history"><small>It's super effective!</small><br></div><div class="battle-history"><small>(The opposing Tapin' on deez lost 100% of its health!)</small><br></div><div class="spacer battle-history"><br></div><div class="battle-history">The opposing Tapin' on deez fainted!<br></div><div class="spacer battle-history"><br></div><div class="battle-history">OverlordEthan sent out Garchompin on deez (<strong>Garchomp</strong>)!<br></div><div class="spacer battle-history"><br></div><h2 class="battle-history">Turn 5</h2><div class="spacer battle-history"><br></div><div class="battle-history">Shork used <strong>Dragon Claw</strong>!<br></div><div class="battle-history"><small>It's super effective!</small><br></div><div class="battle-history"><small>(The opposing Garchompin on deez lost 77% of its health!)</small><br></div><div class="spacer battle-history"><br></div><div class="battle-history">The opposing Garchompin on deez used <strong>Dragon Pulse</strong>!<br></div><div class="battle-history"><small>It's super effective!</small><br></div><div class="battle-history"><small>(Shork lost <abbr title="−222/357">62.2%</abbr> of its health!)</small><br></div><div class="spacer battle-history"><br></div><div class="battle-history"><small>The opposing Garchompin on deez restored a little HP using its Leftovers!</small><br></div><div class="spacer battle-history"><br></div><h2 class="battle-history">Turn 6</h2><div class="spacer battle-history"><br></div><div class="battle-history">The opposing Garchompin on deez used <strong>Protect</strong>!<br></div><div class="battle-history"><small>The opposing Garchompin on deez protected itself!</small><br></div><div class="spacer battle-history"><br></div><div class="battle-history">Shork used <strong>Dragon Claw</strong>!<br></div><div class="battle-history"><small>The opposing Garchompin on deez protected itself!</small><br></div><div class="spacer battle-history"><br></div><div class="battle-history"><small>The opposing Garchompin on deez restored a little HP using its Leftovers!</small><br></div><div class="spacer battle-history"><br></div><h2 class="battle-history">Turn 7</h2><div class="spacer battle-history"><br></div><div class="battle-history">Shork used <strong>Dragon Claw</strong>!<br></div><div class="battle-history"><small>It's super effective!</small><br></div><div class="battle-history"><small>(The opposing Garchompin on deez lost 35% of its health!)</small><br></div><div class="spacer battle-history"><br></div><div class="battle-history">The opposing Garchompin on deez fainted!<br></div><div class="spacer battle-history"><br></div><div class="battle-history"><small>The electricity disappeared from the battlefield.</small><br></div><div class="spacer battle-history"><br></div><div class="battle-history">OverlordEthan sent out Guyman Defeater (<strong>Kyurem</strong>)!<br></div><div class="battle-history">[The opposing Guyman Defeater's Pressure]<br><small>The opposing Guyman Defeater is exerting its pressure!</small><br></div><div class="spacer battle-history"><br></div><h2 class="battle-history">Turn 8</h2><div class="spacer battle-history"><br></div><div class="battle-history">Shork, come back!<br></div><div class="battle-history">Go! Oral-B (<strong>Togekiss</strong>)!<br></div><div class="spacer battle-history"><br></div><div class="battle-history">The opposing Guyman Defeater used <strong>Psychic</strong>!<br></div><div class="battle-history"><small>(Oral-B lost <abbr title="−66/311">21.2%</abbr> of its health!)</small><br></div><div class="spacer battle-history"><br></div><h2 class="battle-history">Turn 9</h2><div class="spacer battle-history"><br></div><div class="battle-history">The opposing Guyman Defeater used <strong>Protect</strong>!<br></div><div class="battle-history"><small>The opposing Guyman Defeater protected itself!</small><br></div><div class="spacer battle-history"><br></div><div class="battle-history">Oral-B used <strong>Dazzling Gleam</strong>!<br></div><div class="battle-history"><small>The opposing Guyman Defeater protected itself!</small><br></div><div class="spacer battle-history"><br></div><h2 class="battle-history">Turn 10</h2><div class="spacer battle-history"><br></div><div class="battle-history">The opposing Guyman Defeater used <strong>Ice Beam</strong>!<br></div><div class="battle-history"><small>It's super effective!</small><br></div><div class="battle-history"><small>(Oral-B lost <abbr title="−200/311">64.3%</abbr> of its health!)</small><br></div><div class="spacer battle-history"><br></div><div class="battle-history">Oral-B used <strong>Dazzling Gleam</strong>!<br></div><div class="battle-history"><small>It's super effective!</small><br></div><div class="battle-history"><small>(The opposing Guyman Defeater lost 67% of its health!)</small><br></div><div class="spacer battle-history"><br></div><div class="battle-history"><small>The opposing Guyman Defeater restored a little HP using its Leftovers!</small><br></div><div class="spacer battle-history"><br></div><h2 class="battle-history">Turn 11</h2><div class="spacer battle-history"><br></div><div class="battle-history">Oral-B, come back!<br></div><div class="battle-history">Go! pain (<strong>Dracozolt</strong>)!<br></div><div class="spacer battle-history"><br></div><div class="battle-history">The opposing Guyman Defeater used <strong>Ice Beam</strong>!<br></div><div class="battle-history"><small>It's super effective!</small><br></div><div class="battle-history"><small>(pain lost <abbr title="−366/384">95.3%</abbr> of its health!)</small><br></div><div class="spacer battle-history"><br></div><div class="battle-history"><small>The opposing Guyman Defeater restored a little HP using its Leftovers!</small><br></div><div class="battle-history"><small>pain restored a little HP using its Leftovers!</small><br></div><div class="spacer battle-history"><br></div><h2 class="battle-history">Turn 12</h2><div class="spacer battle-history"><br></div><div class="battle-history">The opposing Guyman Defeater used <strong>Protect</strong>!<br></div><div class="battle-history"><small>The opposing Guyman Defeater protected itself!</small><br></div><div class="spacer battle-history"><br></div><div class="battle-history">pain used <strong>Dragon Claw</strong>!<br></div><div class="battle-history"><small>The opposing Guyman Defeater protected itself!</small><br></div><div class="spacer battle-history"><br></div><div class="battle-history"><small>The opposing Guyman Defeater restored a little HP using its Leftovers!</small><br></div><div class="battle-history"><small>pain restored a little HP using its Leftovers!</small><br></div><div class="spacer battle-history"><br></div><h2 class="battle-history">Turn 13</h2><div class="spacer battle-history"><br></div><div class="battle-history">The opposing Guyman Defeater used <strong>Psychic</strong>!<br></div><div class="battle-history"><small>(pain lost <abbr title="−66/384">17.2%</abbr> of its health!)</small><br></div><div class="spacer battle-history"><br></div><div class="battle-history">pain fainted!<br></div><div class="spacer battle-history"><br></div><div class="battle-history"><small>The opposing Guyman Defeater restored a little HP using its Leftovers!</small><br></div><div class="chat chatmessage-guyman147 mine"><strong style="color:#658f0c"><small>☆</small><span class="username" data-name="Guyman147">Guyman147</span>:</strong> <em>bruhmongus</em></div><div class="spacer battle-history"><br></div><div class="battle-history">Go! Shork (<strong>Garchomp</strong>)!<br></div><div class="spacer battle-history"><br></div><h2 class="battle-history">Turn 14</h2><div class="spacer battle-history"><br></div><div class="battle-history">Shork used <strong>Dragon Claw</strong>!<br></div><div class="battle-history"><small>It's super effective!</small><br></div><div class="battle-history"><small>(The opposing Guyman Defeater lost 57% of its health!)</small><br></div><div class="spacer battle-history"><br></div><div class="battle-history">The opposing Guyman Defeater fainted!<br></div><div class="chat chatmessage-overlordethan"><strong style="color:#c34070"><small>☆</small><span class="username" data-name="OverlordEthan">OverlordEthan</span>:</strong> <em>bruhmongus</em></div><div class="spacer battle-history"><br></div><div class="battle-history">OverlordEthan sent out Lelein' on deez (<strong>Tapu Lele</strong>)!<br></div><div class="battle-history">[The opposing Lelein' on deez's Psychic Surge]<br><small>The battlefield got weird!</small><br></div><div class="spacer battle-history"><br></div><h2 class="battle-history">Turn 15</h2><div class="chat chatmessage-guyman147 mine"><strong style="color:#658f0c"><small>☆</small><span class="username" data-name="Guyman147">Guyman147</span>:</strong> <em>my garchomp is stupid fast</em></div><div class="spacer battle-history"><br></div><div class="battle-history">Shork, come back!<br></div><div class="battle-history">Go! Monke (<strong>Rillaboom</strong>)!<br></div><div class="battle-history">[Monke's Grassy Surge]<br><small>Grass grew to cover the battlefield!</small><br></div><div class="spacer battle-history"><br></div><div class="battle-history">The opposing Lelein' on deez used <strong>Psychic</strong>!<br></div><div class="battle-history"><small>(Monke lost <abbr title="−192/404">47.5%</abbr> of its health!)</small><br></div><div class="spacer battle-history"><br></div><div class="battle-history"><small>Monke's HP was restored.</small><br></div><div class="battle-history"><small>Monke restored a little HP using its Leftovers!</small><br></div><div class="spacer battle-history"><br></div><h2 class="battle-history">Turn 16</h2><div class="spacer battle-history"><br></div><div class="battle-history">Monke used <strong>Grassy Glide</strong>!<br></div><div class="battle-history"><small>(The opposing Lelein' on deez lost 66% of its health!)</small><br></div><div class="spacer battle-history"><br></div><div class="battle-history">The opposing Lelein' on deez used <strong>Thunderbolt</strong>!<br></div><div class="battle-history"><small>It's not very effective...</small><br></div><div class="battle-history"><small>(Monke lost <abbr title="−68/404">16.8%</abbr> of its health!)</small><br></div><div class="spacer battle-history"><br></div><div class="battle-history"><small>The opposing Lelein' on deez's HP was restored.</small><br></div><div class="battle-history"><small>The opposing Lelein' on deez restored a little HP using its Leftovers!</small><br></div><div class="battle-history"><small>Monke's HP was restored.</small><br></div><div class="battle-history"><small>Monke restored a little HP using its Leftovers!</small><br></div><div class="spacer battle-history"><br></div><h2 class="battle-history">Turn 17</h2><div class="spacer battle-history"><br></div><div class="battle-history">Monke used <strong>Grassy Glide</strong>!<br></div><div class="battle-history"><small>(The opposing Lelein' on deez lost 45% of its health!)</small><br></div><div class="spacer battle-history"><br></div><div class="battle-history">The opposing Lelein' on deez fainted!<br></div><div class="spacer battle-history"><br></div><div class="battle-history"><small>Monke's HP was restored.</small><br></div><div class="battle-history"><small>Monke restored a little HP using its Leftovers!</small><br></div><div class="spacer battle-history"><br></div><div class="battle-history">OverlordEthan sent out Doge (<strong>Lucario</strong>)!<br></div><div class="spacer battle-history"><br></div><h2 class="battle-history">Turn 18</h2><div class="spacer battle-history"><br></div><div class="battle-history">The opposing Doge used <strong>Close Combat</strong>!<br></div><div class="battle-history"><small>A critical hit!</small><br></div><div class="battle-history"><small>(Monke lost <abbr title="−294/404">72.8%</abbr> of its health!)</small><br></div><div class="battle-history"><small>The opposing Doge's Defense fell!</small><br></div><div class="battle-history"><small>The opposing Doge's Sp. Def fell!</small><br></div><div class="spacer battle-history"><br></div><div class="battle-history">Monke fainted!<br></div><div class="chat chatmessage-guyman147 mine"><strong style="color:#658f0c"><small>☆</small><span class="username" data-name="Guyman147">Guyman147</span>:</strong> <em>crap</em></div><div class="spacer battle-history"><br></div><div class="battle-history">Go! chichen (<strong>Blaziken</strong>)!<br></div><div class="spacer battle-history"><br></div><h2 class="battle-history">Turn 19</h2><div class="spacer battle-history"><br></div><div class="battle-history">The opposing Doge used <strong>Close Combat</strong>!<br></div><div class="battle-history"><small>(chichen lost <abbr title="−229/301">76.1%</abbr> of its health!)</small><br></div><div class="battle-history"><small>The opposing Doge's Defense fell!</small><br></div><div class="battle-history"><small>The opposing Doge's Sp. Def fell!</small><br></div><div class="spacer battle-history"><br></div><div class="battle-history">chichen used <strong>Bulk Up</strong>!<br></div><div class="battle-history"><small>chichen's Attack rose!</small><br></div><div class="battle-history"><small>chichen's Defense rose!</small><br></div><div class="spacer battle-history"><br></div><div class="battle-history"><small>chichen's HP was restored.</small><br></div><div class="battle-history"><small>The grass disappeared from the battlefield.</small><br></div><div class="battle-history">[chichen's Speed Boost]<br></div><div class="battle-history"><small>chichen's Speed rose!</small><br></div><div class="spacer battle-history"><br></div><h2 class="battle-history">Turn 20</h2><div class="spacer battle-history"><br></div><div class="battle-history">chichen used <strong>Brave Bird</strong>!<br></div><div class="battle-history"><small>(The opposing Doge lost 100% of its health!)</small><br></div><div class="spacer battle-history"><br></div><div class="battle-history">The opposing Doge fainted!<br></div><div class="battle-history"><small>chichen was damaged by the recoil!</small><br></div><div class="spacer battle-history"><br></div><div class="battle-history">chichen fainted!<br></div><div class="spacer battle-history"><br></div><div class="battle-history"><strong>Guyman147</strong> won the battle!<br></div><div class="chat chatmessage-guyman147 mine"><strong style="color:#658f0c"><small>☆</small><span class="username" data-name="Guyman147">Guyman147</span>:</strong> <em>ez clap</em></div><div class="chat chatmessage-overlordethan"><strong style="color:#c34070"><small>☆</small><span class="username" data-name="OverlordEthan">OverlordEthan</span>:</strong> <em>oof</em></div><div class="chat chatmessage-overlordethan"><strong style="color:#c34070"><small>☆</small><span class="username" data-name="OverlordEthan">OverlordEthan</span>:</strong> <em>this was my first battle</em></div><div class="chat chatmessage-guyman147 mine"><strong style="color:#658f0c"><small>☆</small><span class="username" data-name="Guyman147">Guyman147</span>:</strong> <em>gg</em></div><div class="chat chatmessage-overlordethan"><strong style="color:#c34070"><small>☆</small><span class="username" data-name="OverlordEthan">OverlordEthan</span>:</strong> <em>gg</em></div><div class="chat"><small>☆OverlordEthan left</small></div></div><div class="inner-preempt message-log"></div></div></div>
</div>
<script>
let daily = Math.floor(Date.now()/1000/60/60/24);document.write('<script src="https://play.pokemonshowdown.com/js/replay-embed.js?version'+daily+'"></'+'script>');
</script>
